2139 3695
917 212 1089 284 AIAZ.
1831 222 1892 272 71

113 337 140 356 ε;
323 335 338 357 2
397 336 411 356 2
593 344 618 356 »
736 346 761 357 mi
964 337 985 362 y
1281 344 1295 363 ’

109 360 240 393 ὁτου
282 341 314 393 δ᾽
379 360 617 411 ἀπορρεῖ
652 360 886 414 μνῆστις
923 364 982 397 eb
1027 352 1411 416 πεπονϑότος,

158 420 171 440 >
250 420 278 439 ἫΝ
397 424 411 442 ,
531 421 545 441 >
592 422 675 442 Vo?
762 418 784 444 ©
961 424 976 445 >
1088 430 1099 446 \
1196 427 1210 447 >
1265 429 1278 448 »

108 444 206 477 οὐκ
245 446 312 477 ἂν
348 444 531 494 γένοιτ
587 431 662 480 ER
717 447 882 492 οὗτος
919 449 1139 502 εὐγενὴς
1176 453 1331 503 ἀνήρ.

852 526 1130 618 ΧΟΡΟΣ.

101 584 274 667 Alos,
317 588 459 692 ἔχειν
497 590 545 671 σ᾽
579 590 654 648 ἂν
693 590 916 698 οἶκτον,
919 594 1012 698 ὡς
1048 595 1216 699 κἀγὼ,
1257 597 1420 710 φρενὶ

101 676 326 747 ϑέλοιμ᾽
368 676 460 733 ἄν"
503 676 717 753 αἰνοίης
753 680 855 753 γὰρ
897 678 965 736 ἂν
1002 683 1073 737 τὰ
1108 682 1265 756 τῆς
1213 676 1267 760 δ᾽
1309 687 1434 760 ἔπη.

891 783 1098 828 ΑἸΑΣ.

178 847 190 865 X
283 845 296 865 ’
363 845 378 865 3
431 848 447 867 >
549 847 560 867 ’
772 845 788 878 ᾽ὔ
1081 853 1094 871 x
1245 860 1270 872 w
1352 855 1368 875 3
1454 863 1480 875 —

98 870 191 902 χαὶ
228 870 365 917 καρτ
420 869 656 905 ἑπαίνου
696 852 950 917 τεύξεται
987 873 1133 923 πρὸς
1168 875 1301 926 γοῦν
1342 878 1497 926 ἐμοῦ,

98 932 195 987 ἐὰν
230 931 403 1002 μόνον
439 934 503 989 τὸ
541 936 750 1003 ταχϑὲν
789 957 849 990 εὖ
887 939 1070 1012 τολμᾷ
1106 941 1301 996 τελεῖν.

108 2177 122 2196 2
194 2177 207 2197 >
296 2174 315 2197 3
395 2178 409 2198 2
470 2176 542 2197 x.»
612 2177 625 2197 4
889 2186 914 2196 m
967 2179 980 2197 17
1051 2178 1065 2198 >
1129 2179 1141 2198 >
1230 2181 1242 2200 ’

91 2181 193 2234 ἀλλ᾽
250 2200 345 2234 οὖν
384 2201 490 2255 ἐγὼ
549 2180 774 2252 ᾿φυλαξὰα
813 2201 980 2235 τοῦτό
1020 2203 1051 2252 γ᾽
1109 2202 1357 2253 ἀρχέσαι.

145 2368 242 2408 524.
288 2366 521 2406 Tekmessa
563 2366 707 2406 deutet
747 2367 825 2406 auf
865 2368 946 2408 480

87 2424 266 2468 zurück,
313 2436 485 2462 woraus
529 2422 616 2463 sich
657 2419 727 2463 £zı
767 2422 941 2470 erklärt,

88 2481 126 2519 ἃ.
165 2481 202 2519 h.
240 2476 301 2523 eis
332 2475 383 2518 τὸ
415 2476 526 2528 ἑξῆς.

142 2538 238 2577 525.
274 2532 453 2589 κἀγώ,
491 2535 558 2575 El.

140 2595 238 2634 527.
287 2593 390 2632 Aias
430 2592 520 2632 will
566 2606 669 2643 gern
712 2591 946 2633 Tekmessa

81 2649 204 2690 loben
236 2673 304 2696 —,
341 2649 454 2689 nicht
485 2649 599 2696 aber,
637 2649 721 2689 wie
745 2650 821 2690 der
835 2650 947 2691 Chor

81 2708 198 2753 räth,
266 2706 388 2746 ihre
431 2704 662 2752 Worte,
707 2706 747 2746 d.
795 2707 832 2745 h.
879 2707 947 2746 ihr

83 2764 378 2816 versprechen,
414 2762 537 2803 leben
570 2777 622 2803 zu
647 2762 813 2809 wollen,
851 2776 946 2803 son-

83 2820 210 2866 dern,
275 2819 359 2859 wie
406 2831 454 2858 er
495 2816 622 2873 παρὰ
666 2817 945 2875 προςδοκίαν

81 2876 323 2926 hinzufügt,
370 2888 494 2914 wenn
536 2876 596 2915 sie
639 2876 721 2916 ihm
760 2876 801 2915 in
834 2877 943 2916 allen

84 2934 267 2974 Stücken
290 2931 467 2982 folgsam
494 2931 569 2971 sei.
627 2932 688 2971 Er
713 2939 843 2983 sorgt,
882 2933 943 2973 sie

80 2992 200 3040 möge
243 2989 325 3028 ihm
368 2989 446 3028 den
488 2988 734 3042 Eurysakes
775 2996 944 3030 vorent-

81 3047 246 3092 halten;
296 3046 440 3085 deutet
482 3045 585 3084 aber
627 3045 816 3094 zugleich
847 3058 943 3086 ver-

81 3104 219 3145 steckt
261 3102 340 3142 auf
375 3102 472 3148 das,
525 3113 616 3141 was
648 3113 697 3141 er
728 3102 796 3141 für
827 3102 943 3142 seine

81 3160 327 3211 ungestörte
359 3158 675 3208 Vorbereitung
705 3171 799 3198 zum
824 3157 942 3198 Tode

81 3217 287 3258 wünscht.

137 3276 233 3316 528.
271 3271 454 3312 Beachte
487 3270 554 3311 die
587 3270 888 3312 Allitteration.

599 2537 722 2577 1301.

1068 2364 1178 2436 591.
1214 2361 1596 2440 ἐξελυσάμην,
1631 2370 1714 2409 τοῦ
1735 2367 1887 2436 φόβου

1015 2419 1173 2480 χάρων,
1213 2421 1447 2480 δύσασϑαι
1479 2425 1695 2472 ϑέλουσα,
1730 2424 1887 2480 ἐξήγα-

1019 2495 1107 2547 γον
1139 2480 1277 2521 Schol.
1345 2481 1515 2522 Danach
1561 2484 1632 2524 hat
1676 2483 1885 2524 Hermann

1021 2533 1335 2593 ἐξερρυσάμην
1367 2539 1657 2589 geschrieben.

1079 2622 1175 2664 532.
1221 2622 1322 2662 Aias
1355 2624 1426 2664 hat
1457 2624 1510 2664 im
1544 2624 1671 2664 Sinne
1706 2624 1783 2664 den
1818 2636 1886 2663 ar-

1021 2692 1098 2730 gen
1133 2679 1375 2727 Gedanken,
1415 2680 1494 2719 den
1523 2679 1757 2720 Tekmessa
1789 2692 1885 2719 aus-

1019 2735 1200 2788 spricht,
1253 2736 1357 2776 aber
1405 2749 1453 2776 er
1499 2736 1609 2775 kann
1657 2736 1725 2775 ihn
1773 2736 1899 2789 nicht,

1020 2793 1124 2832 über
1156 2792 1223 2832 die
1247 2792 1410 2847 Lippen
1441 2792 1633 2842 bringen,
1670 2792 1882 2832 wesshalb
1910 2802 1914 2805 ὁ

1020 2861 1067 2889 er
1098 2849 1238 2889 hinter
1266 2849 1476 2888 χαχοῖσιν
1507 2848 1712 2888 abbricht.

1060 2930 1173 3001 ‚34.
1215 2929 1388 2997 ἔπρεπε
1433 2931 1487 2998 τῇ
1531 2928 1740 2999 παρούσῃ
1788 2929 1882 2999 μου

1018 2984 1128 3043 τύχῃ
1181 2985 1232 3027 τὸ
1279 2986 1355 3028 καὶ
1401 2984 1646 3053 αὐτόχειρά
1692 3001 1750 3043 μὲ
1798 2989 1882 3029 τοῦ

1016 3041 1183 3088 παιδὸς
1221 3041 1560 3111 κατασχευάσαι
1591 3044 1729 3085 Schol.
1793 3045 1882 3085 Der

1019 3101 1187 3141 Genitiv
1230 3101 1299 3141 bei
1329 3099 1507 3165 πρέπον
1537 3102 1641 3141 nach
1672 3100 1879 3151 Analogie

1015 3171 1096 3197 von
1126 3148 1267 3226 ἄξιον,
1304 3158 1389 3198 wie
1412 3157 1520 3197 Plat.
1551 3157 1719 3198 Menex.
1749 3159 1870 3199 239
1846 3153 1870 3209 c

1015 3210 1283 3268 πρεπόντως
1321 3214 1416 3253 τῶν
1445 3210 1734 3269 πραξάντων.
1778 3212 1874 3264 Vgl.

1016 3270 1185 3321 Krüger
1216 3270 1290 3312 Gr.
1325 3272 1392 3317 48,
1434 3271 1498 3317 13,
1536 3270 1586 3310 Α.
1612 3272 1679 3312 10.

762 1054 1218 1099 TEKMHZZA.

97 1115 234 1184 ἀλλ᾽,
274 1111 318 1171 ὦ
357 1115 472 1191 φίλ
511 1116 687 1185 Αἴας,
725 1117 890 1174 πάντ᾽
932 1119 1103 1193 ἔγωγε
1139 1121 1432 1194 τιείσομαι.

886 1221 1095 1265 ΑἸΑΣ.

92 1285 285 1356 χόμιζέ
321 1283 423 1341 νύν
449 1308 549 1357 μοι
588 1289 774 1343 παῖδα
810 1288 908 1344 τὸν
946 1290 1096 1360 ἐμὸν,
1139 1288 1213 1356 ὡς
1250 1289 1376 1348 ἴδω.

579 1391 582 1394 |
757 1405 1218 1451 TEKMHEYA.

91 1471 185 1526 χαὶ
220 1471 329 1544 μὴν
368 1468 603 1544 φόβοισί
639 1469 694 1543 γ᾽
739 1470 907 1528 αὐτὸν
944 1473 1301 1550 ἐξελυσάμην.

886 1576 1088 1619 AIAZ.

94 1642 153 1697 Ev
189 1643 373 1706 τοῖςδε
411 1645 531 1706 τοῖς
567 1646 836 1709 χαχοῖσιν,
875 1639 911 1716 N
948 1642 1005 1698 Ti
1039 1665 1141 1714 μοι
1178 1644 1389 1717 λέγεις;

751 1760 1208 1804 ΤΕΚΜΗΣΣΑ.

86 1826 160 1898 μὴ
202 1823 295 1881 σοί
331 1825 393 1897 γέ
430 1847 542 1881 που
584 1824 850 1900 δύστηνος
889 1825 1132 1900 ἀντήσας
1168 1827 1358 1884 ϑάνοι.

881 1930 1091 1973 ΑἸΑΣ.

89 1994 310 2067 πρέπον
348 1996 410 2067 γέ
446 1993 548 2051 τὰν
584 1990 650 2069 ἦν
691 1995 959 2066 δαίμονος
996 1996 1208 2067 τοὐμοῦ
1239 1997 1383 2053 τόδε.

754 2114 1211 2157 ΤΕΚΜΗΣΣΑ.
