3030 5024
107 991 236 1045 στρ.
265 963 330 1029 α΄.

129 1762 149 1803 hd
295 1769 312 1790 ’

107 1793 226 1830 avr.
257 1794 324 1831 a.

366 349 450 414 62

369 521 522 586 XO.
570 510 753 610 ἀνὴρ
807 515 1100 614 φρονεῖν
1152 513 1394 589 ἔοικεν.
1506 512 1664 588 ἀλλ᾽
1713 513 2054 612 dvoiyere:

709 611 826 641 ¥
1024 614 1042 641 9
1146 616 1165 641 IQ
1233 614 1266 636 A
1391 615 1410 640 3
1463 613 1483 639 9
1551 618 1570 643 "»
1666 613 1688 641 \
1871 616 1892 642 ’
2149 615 2170 641 ’

777 644 865 688 av
915 645 1025 689 Tw
1093 612 1266 689 αἰδῶ
1321 645 1466 690 κἀπ᾽
1534 645 1694 712 ἐμοὶ
1741 615 2025 709 βλέψας
2075 616 2321 708 λάβοι.

634 613 655 639 ’

566 643 657 688 TQ

1265 349 1882 418 ΣΟΦΟΚΛΕΟΥΣ

2637 638 2777 711 345

368 720 498 786 TE.
572 711 748 803 idov,
805 711 1082 813 διοίγω:
1153 715 1663 813 προσβλέπειν
1715 713 1777 790 δ᾽
1826 712 2078 804 ἔξεστί
2123 746 2252 790 σοι

565 811 658 888 τὰ
707 812 918 890 τοῦδε
969 814 1241 915 πράγη,
1292 813 1551 896 καὐτὸς
1602 815 1692 895 ὡς
1743 815 1929 916 ἔχων
1984 817 2199 915 κυρεῖ.

563 965 582 990 3
611 961 633 990 \

559 995 640 1037 lw

364 972 480 1038 ΑΙ.

496 1085 526 1132 2
562 1063 766 1162 φίλοι
817 1064 1192 1158 ναυβάται,
1247 1064 1457 1163 μόνοι
1510 1064 1695 1163 ἐμῶν
1746 1064 1994 1160 φίλων,

496 1187 526 1234 8
559 1162 770 1261 μόνοι
823 1164 914 1242 ἔτ᾽
964 1166 1377 1262 ἐμμένοντες
1426 1164 1623 1265 ὀρθῷ
1677 1164 1891 1264 νόμῳ,

2634 1190 2777 1263 3250

492 1286 524 1334 4
563 1262 821 1341 ἴδεσθέ
860 1265 935 1363 μ᾽
988 1265 1141 1341 οἷον
1191 1263 1356 1364 ἄρτι
1409 1268 1600 1364 κῦμα
1651 1264 1932 1365 φοινίας
1984 1263 2123 1342 ὑπὸ
2185 1266 2401 1365 ζάλης

492 1386 523 1435 5
560 1363 1021 1466 ἀμφίδρομον
1074 1368 1455 1444 κυκλεῖται.

359 1525 509 1590 ΧΟ.
557 1512 699 1612 οἶμ᾽
750 1515 839 1598 ὡς
886 1516 1123 1598 ἔοικας
1174 1515 1361 1626 ὀρθὰ
1406 1519 1796 1617 μαρτυρεῖν
1847 1514 2059 1615 ἄγαν.

742 1619 775 1640 ~
875 1618 897 1647 \
1047 1609 1081 1652 ν»
1345 1617 1363 1642 ε
1477 1618 1496 1643 9
1740 1618 1762 1645 ’
2015 1617 2046 1645 bd

560 1614 771 1714 δηλοῖ
821 1615 898 1692 δὲ
948 1649 1259 1719 τοὔργον
1312 1650 1401 1700 ws
1452 1621 1953 1719 ἀφροντίστως
2004 1649 2170 1719 ἔχει.

556 1767 623 1796 LAY

551 1801 631 1842 ww

357 1776 471 1842 ΑΙ.

2624 1643 2762 1716 359

625 1871 648 1897 /
1080 1867 1098 1894 9
1272 1868 1291 1897 \
1453 1870 1475 1897 ’

488 1884 518 1931 2
553 1900 757 1968 γένος
806 1867 1006 1949 ναΐας
1053 1898 1341 1969 ἀρωγὸν
1389 1899 1662 1970 τέχνας,

354 2051 483 2094 844
520 2046 565 2095 L
593 2045 684 2094 has
711 2045 797 2095 the
827 2063 853 2094 ν
887 2044 944 2094 of
971 2045 1120 2094 ἔοικεν
1152 2045 1278 2094 from
1301 2061 1332 2094 a
1355 2046 1478 2095 later
1500 2045 1962 2108 hand.—dvolyere]
1997 2047 2261 2097 Wecklein
2284 2047 2450 2097 writes
2479 2048 2646 2108 ἄνοιγε
2679 2048 2755 2106 δή.

355 2116 478 2160 846
515 2107 655 2173 κἀπ᾽
677 2110 824 2160 made
846 2110 898 2159 in
933 2111 977 2159 L
1009 2109 1135 2160 from
1172 2105 1323 2172 χάπ᾽
1316 2105 1336 2177 :
1359 2111 1458 2160 this
1491 2111 1534 2160 is
1566 2110 1830 2176 explained
1864 2111 1932 2175 by
1965 2112 2052 2161 the
2084 2111 2207 2161 false
2240 2112 2446 2177 reading
2478 2108 2600 2174 χύπ᾽
2644 2113 2758 2172 ἐμοῦ

356 2177 409 2226 in
456 2175 848 2240 Pal.—Blaydes
891 2174 1021 2239 conj.
1073 2172 1154 2226 κἀς
1198 2172 1283 2235 ἐμὲ
1326 2176 1532 2239 βλέψας.

350 2408 500 2473 Ajax,
525 2406 693 2456 whose
726 2405 920 2455 mother
952 2421 1054 2455 was
1088 2405 1306 2455 Eriboea
1341 2401 1492 2469 (569).

348 2467 408 2536 --
412 2467 510 2536 ,τὸν
545 2468 1012 2536 doael..xpévov:
1061 2471 1146 2520 the
1189 2471 1368 2535 phrase
1412 2467 1496 2519 τὸν

349 2539 423 2587 del
464 2536 635 2600 χρόνον
672 2537 713 2586 is
750 2535 994 2601 frequent.
1061 2535 1171 2585 The
1215 2535 1495 2600 separation

345 2603 403 2653 of
414 2605 498 2652 τὸν
513 2603 661 2651 εἰσαεὶ
673 2600 802 2650 from
818 2599 989 2663 χρόνον
1005 2600 1232 2650 deserves
1246 2601 1426 2657 notice,
1442 2616 1496 2650 as

345 2667 630 2733 suggesting
646 2666 731 2716 the
754 2667 1034 2731 possibility
1052 2665 1158 2715 that
1181 2667 1264 2714 τὸν
1287 2667 1363 2714 del
1380 2681 1497 2731 may

346 2733 630 2783 sometimes
658 2732 786 2781 have
816 2732 944 2781 been
974 2731 1094 2781 used
1120 2730 1348 2791 (without
1380 2731 1493 2793 xpé-

343 2797 444 2862 vov)
469 2813 579 2848 as=
597 2797 696 2846 ‘for
721 2796 892 2847 ever’:
927 2812 958 2845 a
979 2811 1130 2860 usage
1153 2795 1332 2852 which,
1356 2795 1492 2845 how-

343 2879 471 2924 ever,
514 2861 654 2912 lacks
693 2862 870 2926 proof:
915 2877 997 2911 see
1041 2876 1109 2910 on
1147 2861 1235 2910 257.
1282 2873 1494 2924 1075.—

434 2924 684 2994 λατήσει:
721 2927 785 2977 he
808 2926 908 2976 had
937 2941 1067 2990 gone
1089 2933 1142 2976 to
1174 2925 1258 2975 the
1280 2918 1491 3017 uplands

340 2992 399 3043 of
485 2993 590 3057 Mysia
615 2990 770 3057 (720),
800 2992 877 3041 ‘in
935 2992 1089 3040 pursuit
1112 2991 1171 3040 of
1195 2990 1301 3040 foes’
1352 2990 1489 3057 (564)

339 3066 392 3108 to
429 3058 495 3108 be
534 3057 805 3108 despoiled.
927 3072 978 3121 Cp.
1014 3056 1176 3106 Thuc.
1221 3072 1259 3106 1.
1306 3072 1357 3106 11
1398 3057 1484 3116 81

341 3118 445 3193 (the
497 3070 688 3193 Greeks
741 3128 794 3171 at
845 3122 1000 3186 Troy)
1055 3122 1491 3184 φαίνονται...
1387 3114 1491 3190 πρὸς

337 3189 576 3252 γεωργίαν
617 3190 700 3249 τῆς
738 3188 1047 3250 Χερσονήσου
1081 3187 1370 3249 τραπόμενοι
1410 3188 1487 3235 καὶ

336 3254 614 3317 λῃστείαν
644 3255 731 3313 τῆς
751 3254 931 3315 τροφῆς
960 3253 1152 3314 ἀπορίᾳ.
1219 3251 1332 3301 The
1353 3251 1494 3300 Miad

369 3319 535 3369 lances
586 3327 637 3368 at
688 3334 773 3368 such
859 3317 1125 3382 predatory
1176 3316 1488 3380 expeditions

335 3334 449 3448 ἔν.
493 3400 535 3434 1.
578 3381 705 3447 366;
753 3398 798 3459 9.
848 3381 1188 3445 328).---Νοῖς
1230 3381 1316 3431 the
1359 3381 1486 3446 light

336 3449 485 3498 touch
522 3448 642 3498 with
675 3446 839 3498 which
872 3447 958 3496 the
992 3454 1111 3511 poet
1143 3454 1378 3496 accounts
1409 3446 1488 3495 for

335 3513 421 3564 the
442 3514 654 3563 absence
676 3512 734 3561 of
748 3512 1034 3562 Teucer—a
1056 3511 1300 3576 necessity
1321 3511 1380 3561 of
1398 3511 1486 3561 the

334 3577 460 3691 plot,
483 3577 617 3627 since
640 3578 831 3626 Teucer
853 3576 1012 3640 might
1034 3576 1162 3625 have
1184 3576 1386 3626 averted
1407 3576 1485 3626 his

371 3640 578 3692 rother’s
599 3641 802 3691 suicide.

402 3712 529 3756 844
552 3712 592 3753 £.
669 3702 918 3770 dvolyere:
979 3721 1010 3754 a
1057 3704 1199 3755 usual
1251 3704 1380 3754 form
1431 3704 1489 3755 of

335 3786 604 3828 summons,
628 3770 897 3820 addressed
920 3778 972 3819 to
995 3785 1061 3819 no
1085 3769 1352 3835 particular
1374 3786 1481 3835 per-

335 3852 442 3894 son,
487 3836 578 3886 but
622 3842 675 3885 to
719 3835 805 3884 the
849 3835 1060 3884 inmates
1104 3834 1162 3884 of
1198 3834 1284 3884 the
1327 3835 1482 3885 house

369 3901 614 3965 enerally;
650 3900 832 3950 Aesch.
867 3900 958 3950 Ck.
984 3900 1076 3963 877
1103 3896 1213 3948 ἀλλ’
1237 3900 1478 3959 ἀνοίξατε:

333 3917 451 4017 Fer.
493 3965 699 4030 Adelph.
746 3985 790 4029 4.
835 3985 880 4029 4.
928 3964 990 4015 26
1034 3966 1228 4029 aperite,
1273 3965 1475 4030 aliguis,

335 4032 468 4097 Ajax
505 4032 606 4081 had
646 4032 931 4095 πρόσπολοι,
971 4028 1162 4094 though
1201 4029 1319 4094 they
1351 4045 1480 4080 were

333 4107 421 4148 not
445 4105 496 4147 at
518 4096 617 4147 this
639 4097 759 4146 time
781 4096 832 4145 in
856 4095 941 4146 the
967 4094 1124 4144 house
1156 4094 1480 4159 (539).—We

334 4161 514 4212 should
536 4170 624 4213 not
647 4161 846 4226 explain
868 4160 954 4210 the
979 4159 1107 4224 plur.
1133 4175 1187 4209 as
1211 4159 1480 4210 addressed

331 4228 399 4291 by
435 4227 521 4277 the
558 4227 800 4291 choregus
843 4232 897 4275 to
940 4225 1026 4275 the
1069 4224 1334 4275 choreutae
1377 4225 1480 4274 and

331 4293 610 4343 Tecmessa.

395 4353 546 4421 αἰδῶ.
581 4353 772 4421 λάβοι:
806 4371 886 4421 cp.
913 4355 1006 4405 Pi.
1047 4356 1165 4417 1078
1190 4355 1476 4418 φρόνησιν..

328 4423 498 4486 λάβοι:
543 4422 631 4471 77.
655 4420 752 4489 669
769 4420 802 4472 f.
831 4421 1096 4483 προθυμίαν
1127 4418 1134 4484 |
1167 4454 1206 4470 ..
1222 4421 1478 4484 λαβεῖν.
1415 4418 1478 4489 ---

1977 2183 2105 2225 848
2138 2184 2178 2226 £.
2246 2175 2354 2226 ἰὼ..
2383 2175 2526 2239 φίλων
2573 2177 2615 2227 is
2663 2193 2759 2227 one

1603 2401 1731 2454 κἀπ᾽
1764 2402 1898 2470 ἐμοὶ:
1935 2404 2010 2456 for
2039 2406 2138 2456 this
2169 2406 2364 2456 modest
2399 2407 2494 2462 καί,
2530 2422 2610 2471 cp.
2647 2407 2742 2457 Pk.

1607 2485 1694 2535 192
1722 2471 1826 2519 εἴπερ
1879 2471 2016 2534 κἀγώ
2037 2489 2084 2520 τι
2107 2473 2284 2533 φρονῶ,
2312 2471 2413 2520 and
2435 2487 2488 2520 ἢ.
2521 2486 2588 2520 on
2620 2473 2746 2521 “42.

1603 2546 1710 2602 710.
1817 2483 1980 2605 Kepos
2023 2536 2202 2586 should
2236 2537 2484 2600 naturally
2520 2551 2588 2600 go
2627 2537 2748 2587 with

1598 2600 1716 2649 κἀπ᾽
1748 2601 1866 2661 ἐμοί,
1905 2600 2093 2666 though
2124 2602 2324 2661 βλέπειν
2356 2603 2437 2651 ἐπί
2467 2618 2561 2650 τινι
2588 2617 2748 2652 seems

1599 2672 1652 2715 to
1695 2680 1844 2715 occur
1886 2666 2119 2716 nowhere
2162 2667 2280 2724 else,
2320 2667 2421 2716 and
2463 2668 2745 2729 ἐπιβλέπειν

1597 2730 1690 2778 τινί
1724 2730 1845 2796 only
1877 2731 1928 2780 in
1964 2731 2153 2781 Lucian
2192 2733 2331 2780 Astr.
2381 2747 2443 2783 20
2481 2733 2559 2780 καὶ
2604 2734 2746 2793 σφίσι

1596 2795 1890 2855 γψΨομένοισι
1921 2792 1992 2858 τῷ
2023 2799 2110 2856 μὲν
2142 2796 2174 2856 ἡ
2204 2793 2465 2857 ᾿Αφροδίτη
2508 2794 2582 2858 τῷ
2625 2799 2676 2845 δὲ
2720 2797 2744 2845 ὁ

1597 2860 1749 2911 Ζεὺς..
1789 2858 2058 2925 ἐπέβλεψαν
2091 2858 2321 2925 (‘looked
2354 2861 2474 2911 with
2503 2860 2740 2921 favour’).

1596 2924 1707 2976 The
1740 2925 2032 2975 alternative
2064 2927 2106 2975 is
2139 2933 2193 2975 to
2227 2925 2345 2975 take
2374 2925 2453 2974 ἐπ᾽
2483 2927 2589 2982 ἐμοί
2623 2942 2734 2975 as=

1598 2989 1675 3039 ‘in
1705 3006 1789 3056 my
1811 2992 1962 3051 case,’
1991 2991 2090 3040 and
2119 2991 2310 3053 βλέψας
2340 3005 2394 3039 as
2425 2991 2741 3054 epexegetic
2719 2989 2741 3056 ;

1594 3055 1682 3104 but
1706 3056 1804 3106 this
1827 3055 1869 3105 is
1892 3055 2132 3118 certainly
2154 3055 2318 3105 harsh.

1660 3125 1787 3169 846
1809 3127 1849 3168 f.
1916 3117 2117 3184 διοίγω:
2151 3135 2229 3184 cp.
2273 3120 2331 3170 0.
2373 3119 2428 3168 7.
2473 3120 2592 3183 1287
2629 3121 2738 3169 διοί-

1589 3201 1696 3246 yew
1714 3183 1914 3248 κλῇθρα,
1937 3185 2038 3234 and
2056 3185 2120 3235 ἐῤ.
2150 3197 2284 3251 1395.
2306 3181 2547 3251 —mwpdyn,
2567 3185 2740 3237 deeds:

1589 3265 1669 3299 cp.
1697 3267 1773 3302 21.

1620 3265 1646 3315 P
1674 3315 1763 3366 The
1780 3317 2054 3374 ἐκκύκλημα
2067 3314 2108 3364 is
2121 3329 2236 3364 now
2245 3313 2438 3378 pushed
2448 3329 2514 3364 on
2524 3314 2741 3380 through

1588 3380 1675 3430 the
1704 3379 1891 3430 central
1920 3380 2061 3429 door.
2129 3380 2177 3429 It
2208 3394 2311 3429 was
2345 3395 2375 3429 a
2408 3379 2551 3429 small
2583 3389 2738 3446 stage,

1589 3445 1679 3495 but
1701 3445 1838 3510 large
1859 3445 2058 3508 enough
2081 3451 2135 3494 to
2160 3443 2310 3493 allow
2340 3442 2400 3493 of
2423 3444 2556 3508 Ajax
2588 3446 2740 3511 being

1587 3510 1762 3559 shown
1785 3509 2092 3560 surrounded
2113 3509 2181 3574 by
2201 3524 2339 3558 some
2361 3509 2419 3559 of
2435 3509 2520 3559 the
2543 3510 2739 3575 slaugh-

1588 3576 1727 3625 tered
1749 3575 1975 3624 animals.
2044 3574 2154 3623 The
2179 3574 2316 3623 word
2349 3575 2517 3637 πράγη
2545 3575 2597 3624 in
2622 3588 2732 3639 347%,

1588 3640 1688 3689 and
1711 3640 1796 3690 the
1819 3640 2063 3704 language
2085 3638 2141 3688 of
2158 3655 2238 3687 vv.
2267 3654 2354 3702 351
2376 3639 2448 3700 ff.,
2471 3639 2611 3689 show
2629 3641 2736 3691 that

1586 3705 1672 3755 the
1692 3720 1905 3769 carnage
1927 3720 2029 3753 was
2055 3704 2391 3769 represented.
2458 3704 2570 3754 The
2592 3705 2735 3755 other

1586 3770 1729 3834 plays
1761 3769 1814 3818 in
1846 3768 2010 3819 which
2045 3768 2321 3834 Sophocles
2353 3769 2444 3820 has
2488 3770 2610 3820 used
2649 3770 2734 3820 the

1585 3834 1866 3897 eccyclema
1887 3849 1971 3884 are
1994 3833 2077 3883 the
2101 3835 2351 3898 Antigone
2374 3833 2538 3900 (1294,
2568 3834 2732 3885 where

1584 3915 1667 3950 see
1689 3899 1779 3963 n.),
1802 3900 1903 3949 and
1928 3899 2012 3949 the
2032 3900 2237 3948 Electra
2260 3897 2409 3963 (1464
2428 3899 2481 3956 f.,
2506 3902 2598 3960 n.).

1652 3964 1802 4029 Ajax,
1847 3965 2020 4029 sitting
2052 3979 2236 4029 among
2267 3964 2345 4014 his
2383 3964 2596 4021 victims,
2631 3964 2732 4014 and

1585 4029 1882 4094 meditating
1907 4029 1984 4079 his
2014 4045 2128 4078 own
2159 4029 2479 4090 destruction,
2514 4045 2616 4078 was
2644 4030 2732 4080 the

1583 4093 1773 4158 subject
1786 4094 1845 4144 of
1852 4110 1883 4145 a
1894 4093 2086 4144 famous
2099 4094 2288 4158 picture
2301 4094 2368 4159 by
2379 4094 2733 4145 Timomachus

1583 4158 1642 4209 of
1660 4159 1966 4224 Byzantium.
2043 4159 2370 4208 Philostratus
2402 4162 2418 4221 (
2435 4159 2531 4208 Viz.
2562 4160 2723 4223 Apoll.

1585 4240 1630 4275 Δ.
1672 4240 1730 4274 22
1761 4226 1789 4285 §
1821 4227 1869 4286 5)
1901 4224 2016 4274 thus
2046 4223 2294 4274 describes
2327 4224 2391 4274 it:
2428 4225 2516 4273 τὸν
2544 4226 2731 4274 Αἴαντα

1582 4290 1667 4338 τὸν
1699 4289 2002 4351 Τιμομάχου.
2015 4288 2337 4338 ἀπεκτονότα
2372 4290 2461 4338 τὰν
2491 4286 2555 4350 τῇ
2587 4291 2731 4352 Τροίᾳ

1580 4354 1812 4418 βουκόλια
1851 4355 2091 4414 καθῆσθαι
2131 4355 2490 4412 ἀτειρηκότα
2535 4354 2635 4418 [cp.
2678 4371 2724 4406 ν.

1586 4432 1678 4482 328
1711 4416 1891 4480 ἤσυχος
1922 4419 2097 4480 θακεῖ],
2127 4419 2310 4482 βουλὴν
2344 4420 2622 4478 ποιούμενον
2652 4421 2731 4468 καὶ
